@book{
    ross98,
    title = {A First Course in Probability},
    publisher = {Pearson Prentice Hall, 2010},
    year = {1998},
    added-at = {2015-09-11T13:23:43.000+0200},
    address = {Upper Saddle River, N.J.},
    author = {Ross, Sheldon M.},
    biburl = {https://www.bibsonomy.org/bibtex/29325f1b3acbc545c7ef14d7fe58c8e28/ytyoun},
    edition = {Fifth},
}